@misc{bbs-signature-scheme,
  author      = {Tobias Looker and Vasilis Kalos and Andrew Whitehead and Mike Lodder},
  institution = {IETF},
  title       = {The BBS Signature Scheme},
  year        = {2023},
  howpublished= {\url{https://datatracker.ietf.org/doc/html/draft-irtf-cfrg-bbs-signatures-05}},
  note        = {Accessed on March 17, 2024}
}

@misc{pairing-friendly-curves,
  author      = {Yuni Sakemi and Tetsutaro Kobayashi and Tsunekazu and Ried S. Wahby},
  institution = {IETF},
  title       = {Pairing-Friendly Curves},
  year        = {2023},
  howpublished= {\url{https://datatracker.ietf.org/doc/html/draft-irtf-cfrg-pairing-friendly-curves-11}},
  note        = {Accessed on March 17, 2024}
}

@misc{verifiable-credentials,
  author      = {Manu Sporny and Dave Longley and David Chadwick and Orie Steel},
  institution = {W3C},
  title       = {Verifiable Credentials Data Model v2.0},
  year        = {2023},
  howpublished= {\url{https://www.w3.org/TR/vc-data-model-2.0}},
  note        = {Accessed on March 19, 2024}
}

@misc{self-sovereign-identity,
  institution = {TNO},
  title = {Self-sovereign identity: a simple and safe digital life},
  year = {2022},
  howpublished = {\url{https://www.tno.nl/en/technology-science/technologies/self-sovereign-identity/}},
  note = {Accessed on March 24, 2024}
}

@misc{oidc4vp,
  author = {O. Terbu and T. Lodderstedt and K. Yasuda and T.Looker},
  institution = {OpenID},
  title   = {OpenID for Verifiable Presentations - draft 20},
  year = {2023},
  howpublished = {\url{https://openid.net/specs/openid-4-verifiable-presentations-1_0.html}},
  note         = {Accessed on March 24, 2024},
}

@misc{pseudonyms,
  author       = {Vasilis Kalos and Greg Bernstein},
  howpublished = {\url{https://basileioskal.github.io/bbs-per-verifier-id/draft-vasilis-bbs-per-verifier-linkability.html}},
  title        = {BBS per Verifier Linkability},
  year         = {2024},
  note         = {Accessed on March 25, 2024},
}

@misc{linksecrets,
  author       = {Rolf Haenni},
  howpublished = {Unpublished},
  title        = {Pseudocode Algorithms for BBS Signatures With Link Secrets},
  year         = {2024},
  note         = {Accessed on March 25, 2024},
}

@misc{blindsignatures,
  author       = {Vasilis Kalos and Greg Bernstein},
  howpublished = {\url{https://basileioskal.github.io/blind-bbs-signatures/draft-kalos-bbs-blind-signatures.html}},
  title        = {Blind BBS Signatures},
  year         = {2024},
  note         = {Accessed on March 25, 2024},
}

@misc{bbsvc,
  author = {Greg Bernstein and Manu Sporny},
  howpublished = {\url{https://www.w3.org/TR/vc-di-bbs/}},
  title = {Data Integrity BBS Cryptosuites v1.0},
  year         = {2024},
  note         = {Accessed on April 1, 2024},
}

@misc{rdf,
  author = {Dave Longley},
  howpublished = {\url{https://www.w3.org/TR/rdf-canon/}},
  title = {RDF Dataset Canonicalization},
  year         = {2024},
  note         = {Accessed on April 1, 2024},
}

@misc{ecdsa,
  author       = {Dave Longley and Manu Sporny},
  howpublished = {\url{https://www.w3.org/TR/vc-di-ecdsa/}},
  title        = {Data Integrity ECDSA Cryptosuites v1.0},
  year         = {2024},
  note         = {Accessed on April 3, 2024},
}

@misc{cbor,
  author       = {C. Bormann and P. Hoffman},
  howpublished = {\url{https://www.rfc-editor.org/rfc/rfc8949}},
  title        = {RFC 8949, Concise Binary Object Representation (CBOR)},
  year         = {2020},
  note          = {Accessed on April 6, 2024}
}

@misc{base64,
  author       = {S. Josefsson},
  howpublished = {\url{https://datatracker.ietf.org/doc/html/rfc4648}},
  title        = {The Base16, Base32, and Base64 Data Encodings},
  year         = {2006},
  note          = {Accessed on April 6, 2024}
}

@misc{allosaur,
  author = {Samuel Jaques, Michael Lodder and Hart Montgomery},
  howpublished = {\url{https://eprint.iacr.org/2022/1362},},
  title  = {ALLOSAUR: Accumulator with Low-Latency Oblivious Sublinear Anonymous credential Updates with Revocations},
  year         = {2022},
  note         = {Accessed on May 6, 2024},
}

@misc{bound-bbs,
  author = {Vasilis Kalos},
  howpublished = {\url{https://basileioskal.github.io/bbs-bound-signatures/draft-bound-bbs-signatures.html}},
  title  = {Bound BBS Signatures},
  year         = {2023},
  note         = {Accessed on May 28m 2024},
}